<?xml version="1.0" encoding="UTF-8"?>
<record>
  <leader>01120nam#a2200337#cb4500</leader>
  <controlfield tag="005">20210408025522.0</controlfield>
  <controlfield tag="007">tu</controlfield>
  <controlfield tag="008">881006|1988####xxu###########|||#|#####c</controlfield>
  <controlfield tag="003">DE-605</controlfield>
  <controlfield tag="001">990075538650206441</controlfield>
  <datafield tag="016" ind1="7" ind2=" ">
    <subfield code="a">1072108532</subfield>
    <subfield code="2">OCoLC</subfield>
  </datafield>
  <datafield tag="020" ind1=" " ind2=" ">
    <subfield code="a">0683078623</subfield>
    <subfield code="9">0-683-07862-3</subfield>
  </datafield>
  <datafield tag="035" ind1=" " ind2=" ">
    <subfield code="a">(DE-605)HT003184116</subfield>
  </datafield>
  <datafield tag="040" ind1=" " ind2=" ">
    <subfield code="a">38 M</subfield>
    <subfield code="b">ger</subfield>
    <subfield code="e">rakwb</subfield>
  </datafield>
  <datafield tag="044" ind1=" " ind2=" ">
    <subfield code="c">XD-US</subfield>
  </datafield>
  <datafield tag="100" ind1="1" ind2=" ">
    <subfield code="a">Falkel, Jeffrey E.</subfield>
    <subfield code="4">aut</subfield>
  </datafield>
  <datafield tag="245" ind1="1" ind2="0">
    <subfield code="a">Shoulder injuries</subfield>
    <subfield code="c">Jeffrey E. Falkel ; Timothy C. Murphy</subfield>
  </datafield>
  <datafield tag="264" ind1=" " ind2="1">
    <subfield code="a">Baltimore [u.a.]</subfield>
    <subfield code="b">Williams &amp; Wilkins</subfield>
    <subfield code="c">1988</subfield>
  </datafield>
  <datafield tag="300" ind1=" " ind2=" ">
    <subfield code="a">XI, 131 S. : zahlr. Ill., graph. Darst.</subfield>
  </datafield>
  <datafield tag="490" ind1="1" ind2=" ">
    <subfield code="a">Sports injury management</subfield>
    <subfield code="v">1,2</subfield>
  </datafield>
  <datafield tag="650" ind1=" " ind2="7">
    <subfield code="a">Shoulder / injuries</subfield>
    <subfield code="2">MeSH</subfield>
  </datafield>
  <datafield tag="689" ind1="0" ind2="0">
    <subfield code="a">Schultergelenkverletzung</subfield>
    <subfield code="D">s</subfield>
    <subfield code="0">(DE-588)4053565-4</subfield>
    <subfield code="0">https://portal.dnb.de/opac.htm?method=simpleSearch&amp;cqlMode=true&amp;query=idn=040535657</subfield>
    <subfield code="0">http://viaf.org/viaf/sourceID/DNB|040535657</subfield>
    <subfield code="B">GND-040535657</subfield>
  </datafield>
  <datafield tag="689" ind1="0" ind2="1">
    <subfield code="a">Rehabilitation</subfield>
    <subfield code="D">s</subfield>
    <subfield code="0">(DE-588)4049078-6</subfield>
    <subfield code="0">https://portal.dnb.de/opac.htm?method=simpleSearch&amp;cqlMode=true&amp;query=idn=040490785</subfield>
    <subfield code="0">http://viaf.org/viaf/sourceID/DNB|040490785</subfield>
    <subfield code="B">GND-040490785</subfield>
  </datafield>
  <datafield tag="689" ind1="1" ind2="0">
    <subfield code="a">Sportverletzung</subfield>
    <subfield code="D">s</subfield>
    <subfield code="0">(DE-588)4056436-8</subfield>
    <subfield code="0">https://portal.dnb.de/opac.htm?method=simpleSearch&amp;cqlMode=true&amp;query=idn=040564363</subfield>
    <subfield code="0">http://viaf.org/viaf/sourceID/DNB|040564363</subfield>
    <subfield code="B">GND-040564363</subfield>
  </datafield>
  <datafield tag="689" ind1="1" ind2="1">
    <subfield code="a">Therapie</subfield>
    <subfield code="D">s</subfield>
    <subfield code="0">(DE-588)4059798-2</subfield>
    <subfield code="0">https://portal.dnb.de/opac.htm?method=simpleSearch&amp;cqlMode=true&amp;query=idn=040597989</subfield>
    <subfield code="0">http://viaf.org/viaf/sourceID/DNB|040597989</subfield>
    <subfield code="B">GND-040597989</subfield>
  </datafield>
  <datafield tag="700" ind1="1" ind2=" ">
    <subfield code="a">Murphy, Timothy C.</subfield>
    <subfield code="4">aut</subfield>
  </datafield>
  <datafield tag="830" ind1=" " ind2="0">
    <subfield code="a">Sports injury management</subfield>
    <subfield code="w">(DE-605)HT003184101</subfield>
    <subfield code="v">1,2</subfield>
    <subfield code="9">O:1</subfield>
  </datafield>
  <datafield tag="964" ind1="0" ind2="s">
    <subfield code="F">030</subfield>
    <subfield code="A">a|1uc||||||17</subfield>
  </datafield>
  <datafield tag="964" ind1="0" ind2="s">
    <subfield code="F">050</subfield>
    <subfield code="A">a|||||||||||||</subfield>
  </datafield>
  <datafield tag="964" ind1="0" ind2="s">
    <subfield code="F">051</subfield>
    <subfield code="A">s|||||||</subfield>
  </datafield>
  <datafield tag="035" ind1=" " ind2=" ">
    <subfield code="a">(OCoLC)1072108532</subfield>
  </datafield>
  <datafield tag="MBD" ind1=" " ind2=" ">
    <subfield code="M">49HBZ_NETWORK</subfield>
    <subfield code="i">990075538650206441</subfield>
    <subfield code="n">HBZ Network</subfield>
  </datafield>
  <datafield tag="MBD" ind1=" " ind2=" ">
    <subfield code="M">49HBZ_PAD</subfield>
    <subfield code="i">990004824710106463</subfield>
    <subfield code="n">Universitätsbibliothek Paderborn</subfield>
  </datafield>
  <datafield tag="020" ind1=" " ind2=" ">
    <subfield code="a">0683078623</subfield>
    <subfield code="9">0-683-07862-3</subfield>
    <subfield code="M">49HBZ_PAD</subfield>
  </datafield>
  <datafield tag="830" ind1=" " ind2="0">
    <subfield code="a">Sports injury management</subfield>
    <subfield code="w">(DE-605)HT003184101</subfield>
    <subfield code="v">1,2</subfield>
    <subfield code="9">O:1</subfield>
    <subfield code="M">49HBZ_PAD</subfield>
  </datafield>
  <datafield tag="981" ind1=" " ind2=" ">
    <subfield code="a">000482471</subfield>
    <subfield code="l">doclib</subfield>
    <subfield code="9">LOCAL</subfield>
    <subfield code="M">49HBZ_PAD</subfield>
  </datafield>
  <datafield tag="983" ind1=" " ind2=" ">
    <subfield code="a">KRH</subfield>
    <subfield code="9">LOCAL</subfield>
    <subfield code="M">49HBZ_PAD</subfield>
  </datafield>
  <datafield tag="MNG" ind1=" " ind2=" ">
    <subfield code="c">System</subfield>
    <subfield code="f">ILS</subfield>
    <subfield code="i">marc21</subfield>
    <subfield code="k">01</subfield>
    <subfield code="e">false</subfield>
    <subfield code="d">2023-03-26 11:10:01 Europe/Berlin</subfield>
    <subfield code="g">007553865-HBZ01</subfield>
    <subfield code="j">60</subfield>
    <subfield code="a">import</subfield>
    <subfield code="b">2021-04-05 12:50:31 Europe/Berlin</subfield>
  </datafield>
  <datafield tag="H52" ind1="8" ind2=" ">
    <subfield code="b">P0001</subfield>
    <subfield code="c">11</subfield>
    <subfield code="8">22134766790006463</subfield>
  </datafield>
  <datafield tag="HOL" ind1=" " ind2=" ">
    <subfield code="b">2022-07-14 09:42:33</subfield>
    <subfield code="8">22134766790006463</subfield>
    <subfield code="M">49HBZ_PAD</subfield>
    <subfield code="g">false</subfield>
    <subfield code="a">import</subfield>
  </datafield>
  <datafield tag="H52" ind1="8" ind2="1">
    <subfield code="b">P0001</subfield>
    <subfield code="c">UNASSIGNED</subfield>
    <subfield code="8">22134766770006463</subfield>
  </datafield>
  <datafield tag="HOL" ind1=" " ind2=" ">
    <subfield code="b">2022-07-14 09:42:33</subfield>
    <subfield code="8">22134766770006463</subfield>
    <subfield code="M">49HBZ_PAD</subfield>
    <subfield code="g">false</subfield>
    <subfield code="a">import</subfield>
  </datafield>
  <datafield tag="ITM" ind1=" " ind2=" ">
    <subfield code="H">22134766790006463</subfield>
    <subfield code="x">IN_RS_REQ</subfield>
    <subfield code="f">BOOK</subfield>
    <subfield code="v">11</subfield>
    <subfield code="p">20</subfield>
    <subfield code="X">s.koester</subfield>
    <subfield code="U">1990-02-13 11:59:00 Europe/Berlin</subfield>
    <subfield code="Y">2023-03-17 08:03:08 Europe/Berlin</subfield>
    <subfield code="h">false</subfield>
    <subfield code="n">KRH1645</subfield>
    <subfield code="M">49HBZ_PAD</subfield>
    <subfield code="s">0</subfield>
    <subfield code="d">8</subfield>
    <subfield code="V">import</subfield>
    <subfield code="b">KRH1645</subfield>
    <subfield code="a">23134766780006463</subfield>
    <subfield code="t">8</subfield>
    <subfield code="R">Maintenance count: 002</subfield>
    <subfield code="r">ILL</subfield>
    <subfield code="B">89/22653</subfield>
    <subfield code="D">20000217</subfield>
    <subfield code="W">1990-02-13 01:00:00 Europe/Berlin</subfield>
    <subfield code="u">P0001</subfield>
    <subfield code="T">2023-05-16 21:59:00</subfield>
    <subfield code="w">RES_SHARE</subfield>
  </datafield>
  <datafield tag="GST" ind1=" " ind2=" ">
    <subfield code="a">Medizinische Behandlung</subfield>
    <subfield code="A">GND</subfield>
    <subfield code="B">GND-040597989</subfield>
    <subfield code="C">450</subfield>
  </datafield>
  <datafield tag="GST" ind1=" " ind2=" ">
    <subfield code="a">Behandlung</subfield>
    <subfield code="x">Medizin</subfield>
    <subfield code="A">GND</subfield>
    <subfield code="B">GND-040597989</subfield>
    <subfield code="C">450</subfield>
  </datafield>
  <datafield tag="GST" ind1=" " ind2=" ">
    <subfield code="a">Krankenbehandlung</subfield>
    <subfield code="A">GND</subfield>
    <subfield code="B">GND-040597989</subfield>
    <subfield code="C">450</subfield>
  </datafield>
  <datafield tag="GSI" ind1="7" ind2=" ">
    <subfield code="a">4059798-2</subfield>
    <subfield code="0">http://d-nb.info/gnd/4059798-2</subfield>
    <subfield code="2">gnd</subfield>
    <subfield code="A">GND</subfield>
    <subfield code="B">GND-040597989</subfield>
    <subfield code="C">024</subfield>
  </datafield>
  <datafield tag="GSI" ind1="7" ind2=" ">
    <subfield code="a">4056436-8</subfield>
    <subfield code="0">http://d-nb.info/gnd/4056436-8</subfield>
    <subfield code="2">gnd</subfield>
    <subfield code="A">GND</subfield>
    <subfield code="B">GND-040564363</subfield>
    <subfield code="C">024</subfield>
  </datafield>
  <datafield tag="GST" ind1=" " ind2=" ">
    <subfield code="a">Rehabilitierung</subfield>
    <subfield code="A">GND</subfield>
    <subfield code="B">GND-040490785</subfield>
    <subfield code="C">450</subfield>
  </datafield>
  <datafield tag="GSI" ind1="7" ind2=" ">
    <subfield code="a">4049078-6</subfield>
    <subfield code="0">http://d-nb.info/gnd/4049078-6</subfield>
    <subfield code="2">gnd</subfield>
    <subfield code="A">GND</subfield>
    <subfield code="B">GND-040490785</subfield>
    <subfield code="C">024</subfield>
  </datafield>
  <datafield tag="GST" ind1=" " ind2=" ">
    <subfield code="a">Schulterverletzung</subfield>
    <subfield code="A">GND</subfield>
    <subfield code="B">GND-040535657</subfield>
    <subfield code="C">450</subfield>
  </datafield>
  <datafield tag="GSI" ind1="7" ind2=" ">
    <subfield code="a">4053565-4</subfield>
    <subfield code="0">http://d-nb.info/gnd/4053565-4</subfield>
    <subfield code="2">gnd</subfield>
    <subfield code="A">GND</subfield>
    <subfield code="B">GND-040535657</subfield>
    <subfield code="C">024</subfield>
  </datafield>
</record>
